<record><leader>00000cas a2200000   4500</leader><controlfield tag="001">5037285</controlfield><controlfield tag="008">790605d19791981vtuwr ne      0   a0eng d</controlfield><datafield ind1=" " ind2=" " tag="010"><subfield code="a">sn 80013238 </subfield></datafield><datafield ind1=" " ind2=" " tag="040"><subfield code="a">VTU</subfield><subfield code="b">eng</subfield><subfield code="c">VTU</subfield><subfield code="d">NSD</subfield><subfield code="d">VTU</subfield><subfield code="d">KNP</subfield><subfield code="d">NVN</subfield><subfield code="d">OCLCQ</subfield><subfield code="d">OCLCF</subfield><subfield code="d">OCLCO</subfield></datafield><datafield ind1=" " ind2=" " tag="012"><subfield code="k">1</subfield><subfield code="m">1</subfield></datafield><datafield ind1="1" ind2=" " tag="022"><subfield code="a">0274-6891</subfield><subfield code="l">0274-6891</subfield><subfield code="2">1</subfield></datafield><datafield ind1="1" ind2=" " tag="029"><subfield code="a">AU@</subfield><subfield code="b">000020129716</subfield></datafield><datafield ind1=" " ind2=" " tag="032"><subfield code="a">546350</subfield><subfield code="b">USPS</subfield></datafield><datafield ind1=" " ind2=" " tag="042"><subfield code="a">nsdp</subfield></datafield><datafield ind1="0" ind2=" " tag="130"><subfield code="a">South county news (Shelburne, Vt.)</subfield></datafield><datafield ind1=" " ind2="4" tag="222"><subfield code="a">The South county news</subfield></datafield><datafield ind1="0" ind2="4" tag="245"><subfield code="a">The South county news.</subfield></datafield><datafield ind1=" " ind2=" " tag="260"><subfield code="a">Shelburne, Vt.,</subfield><subfield code="b">South County News Inc.,</subfield><subfield code="c">1979-1981.</subfield></datafield><datafield ind1=" " ind2=" " tag="300"><subfield code="a">v.</subfield><subfield code="b">ill.</subfield><subfield code="c">41 cm.</subfield></datafield><datafield ind1=" " ind2=" " tag="310"><subfield code="a">Weekly,</subfield><subfield code="b">Sept. 24, 1979-July 3, 1981</subfield></datafield><datafield ind1=" " ind2=" " tag="321"><subfield code="a">Biweekly,</subfield><subfield code="b">Apr. 23-Sept. 10, 1979</subfield></datafield><datafield ind1="0" ind2=" " tag="362"><subfield code="a">Vol. 1, no. 1 (Apr. 6, 1979)-v. 3, no. 14 (July 3, 1981).</subfield></datafield><datafield ind1=" " ind2=" " tag="580"><subfield code="a">Formed by the union of: Shelburne news, and: Hinesburg news, and: St. George news.</subfield></datafield><datafield ind1=" " ind2="0" tag="651"><subfield code="a">Shelburne (Vt.)</subfield><subfield code="v">Newspapers.</subfield></datafield><datafield ind1=" " ind2="0" tag="651"><subfield code="a">Chittenden County (Vt.)</subfield><subfield code="v">Newspapers.</subfield></datafield><datafield ind1=" " ind2="0" tag="651"><subfield code="a">Vermont</subfield><subfield code="v">Newspapers.</subfield></datafield><datafield ind1=" " ind2="7" tag="655"><subfield code="a">Newspapers.</subfield><subfield code="2">fast</subfield><subfield code="0">(OCoLC)fst01423814</subfield></datafield><datafield ind1=" " ind2="7" tag="651"><subfield code="a">Vermont.</subfield><subfield code="2">fast</subfield><subfield code="0">(OCoLC)fst01204305</subfield></datafield><datafield ind1=" " ind2="7" tag="651"><subfield code="a">Vermont</subfield><subfield code="z">Chittenden County.</subfield><subfield code="2">fast</subfield><subfield code="0">(OCoLC)fst01211998</subfield></datafield><datafield ind1=" " ind2="7" tag="651"><subfield code="a">Vermont</subfield><subfield code="z">Shelburne.</subfield><subfield code="2">fast</subfield><subfield code="0">(OCoLC)fst01226633</subfield></datafield><datafield ind1=" " ind2=" " tag="752"><subfield code="a">United States</subfield><subfield code="b">Vermont</subfield><subfield code="c">Chittenden</subfield><subfield code="d">Shelburne.</subfield></datafield><datafield ind1="0" ind2=" " tag="775"><subfield code="t">Chittenden observer</subfield><subfield code="w">(DLC)sn 88061043</subfield><subfield code="w">(OCoLC)6729236</subfield></datafield><datafield ind1="0" ind2=" " tag="775"><subfield code="t">Suburban list</subfield><subfield code="w">(DLC)sn 00064181</subfield><subfield code="w">(OCoLC)44402512</subfield></datafield><datafield ind1="1" ind2="4" tag="780"><subfield code="t">Shelburne news</subfield></datafield><datafield ind1="1" ind2="4" tag="780"><subfield code="t">Hinesburg news</subfield></datafield><datafield ind1="1" ind2="4" tag="780"><subfield code="t">St. George news</subfield></datafield><datafield ind1="0" ind2="4" tag="785"><subfield code="t">Suburban List</subfield><subfield code="w">(DLC)sn 00064181</subfield><subfield code="w">(OCoLC)44402512</subfield></datafield><datafield ind1=" " ind2=" " tag="936"><subfield code="a">Apr. 21, 1980</subfield></datafield></record>